<?xml version="1.0" encoding="UTF-8"?>
<OAI-PMH xmlns="http://www.openarchives.org/OAI/2.0/" xmlns:xsi="http://www.w3.org/2001/XMLSchema-instance" xsi:schemaLocation="http://www.openarchives.org/OAI/2.0/ http://www.openarchives.org/OAI/2.0/OAI-PMH.xsd">
  <ListRecords>
    <record>
      <header>
        <identifier>aleph-publish:006534172</identifier>
      </header>
      <metadata>
        <record xmlns="http://www.ddb.de/professionell/mabxml/mabxml-1.xsd">
          <leader>00622vM2.01200024------h</leader>
          <controlfield tag="LDR">00622vM2.01200024------h</controlfield>
          <controlfield tag="FMT">MH</controlfield>
          <datafield tag="001" ind1="-" ind2="1">
            <subfield code="a">HT004764408</subfield>
          </datafield>
          <datafield tag="002" ind1="a" ind2="1">
            <subfield code="a">19930930</subfield>
          </datafield>
          <datafield tag="003" ind1="-" ind2="1">
            <subfield code="a">20010710</subfield>
          </datafield>
          <datafield tag="025" ind1="o" ind2="1">
            <subfield code="a">1070400832</subfield>
          </datafield>
          <controlfield tag="030">h|1uc||||||37</controlfield>
          <datafield tag="037" ind1="b" ind2="1">
            <subfield code="a">eng</subfield>
          </datafield>
          <controlfield tag="050">a|||||||||||||</controlfield>
          <controlfield tag="051">sk||||||</controlfield>
          <datafield tag="070" ind1="-" ind2="1">
            <subfield code="a">61</subfield>
          </datafield>
          <datafield tag="070" ind1="b" ind2="1">
            <subfield code="a">6</subfield>
          </datafield>
          <datafield tag="080" ind1="-" ind2="1">
            <subfield code="a">60</subfield>
          </datafield>
          <datafield tag="100" ind1="b" ind2="1">
            <subfield code="p">Osse, Jan W. M.</subfield>
            <subfield code="d">1935-</subfield>
            <subfield code="b">[Hrsg.]</subfield>
            <subfield code="9">(DE-588)123667445</subfield>
          </datafield>
          <datafield tag="200" ind1="b" ind2="1">
            <subfield code="e">International Ichthyology Congress</subfield>
            <subfield code="n">7</subfield>
            <subfield code="d">1991</subfield>
            <subfield code="c">Den Haag</subfield>
            <subfield code="9">(DE-588)1230482-7</subfield>
          </datafield>
          <datafield tag="201" ind1="-" ind2="1">
            <subfield code="e">Congressus Europaeus Ichthyologorum</subfield>
            <subfield code="n">7</subfield>
            <subfield code="d">1991</subfield>
            <subfield code="c">Den Haag</subfield>
          </datafield>
          <datafield tag="201" ind1="-" ind2="1">
            <subfield code="e">CEI</subfield>
            <subfield code="n">7</subfield>
            <subfield code="d">1991</subfield>
            <subfield code="c">Den Haag</subfield>
          </datafield>
          <datafield tag="331" ind1="-" ind2="1">
            <subfield code="a">&lt;&lt;The&gt;&gt; threatened world of fish</subfield>
          </datafield>
          <datafield tag="335" ind1="-" ind2="1">
            <subfield code="a">proceedings of the Seventh International Ichthyology Congress ; The Hague (The Netherlands), August 26 - 30, 1991</subfield>
          </datafield>
          <datafield tag="359" ind1="-" ind2="1">
            <subfield code="a">guest ed.: Jan W. M Osse ...</subfield>
          </datafield>
          <datafield tag="410" ind1="-" ind2="1">
            <subfield code="a">Baarn</subfield>
          </datafield>
          <datafield tag="412" ind1="-" ind2="1">
            <subfield code="a">Escher</subfield>
          </datafield>
          <datafield tag="425" ind1="a" ind2="1">
            <subfield code="a">1992</subfield>
          </datafield>
          <datafield tag="433" ind1="-" ind2="1">
            <subfield code="a">S. [129] - 524 : Ill., graph. Darst, Kt.</subfield>
          </datafield>
          <datafield tag="451" ind1="-" ind2="1">
            <subfield code="a">Netherlands journal of zoology ; 42,2/3</subfield>
          </datafield>
          <datafield tag="453" ind1="-" ind2="1">
            <subfield code="a">HT005073809</subfield>
          </datafield>
          <datafield tag="455" ind1="-" ind2="1">
            <subfield code="a">42,2/3</subfield>
          </datafield>
          <datafield tag="456" ind1="-" ind2="1">
            <subfield code="a">42,2,3</subfield>
          </datafield>
          <controlfield tag="SYS">006534172</controlfield>
          <datafield tag="088" ind1=" " ind2=" ">
            <subfield code="a">6</subfield>
            <subfield code="c">Z 7835-41_42</subfield>
            <subfield code="e">keine Angabe</subfield>
          </datafield>
        </record>
      </metadata>
    </record>
  </ListRecords>
</OAI-PMH>
